<?xml version="1.0" encoding="UTF-8"?><collection xmlns="http://www.loc.gov/MARC21/slim"><record><leader>00445nam--2200133-i-4500</leader><controlfield tag="001">000035401</controlfield><controlfield tag="002">20161230</controlfield><controlfield tag="005">20161230201040</controlfield><controlfield tag="008">060222s1000------------r-----000-0-eng-d</controlfield><datafield ind1=" " ind2=" " tag="080"><subfield code="a">1:007</subfield></datafield><datafield ind1=" " ind2=" " tag="100"><subfield code="a">Odobbeja, Stefan</subfield></datafield><datafield ind1=" " ind2=" " tag="245"><subfield code="a">Introducere in logica rezonantei. scrieri inedite. ingrijirea editiei, studiul introductiv si notele de alexandru surdu. prefata de constantin noica</subfield></datafield><datafield ind1=" " ind2=" " tag="260"><subfield code="a">Craiova, Scrisul Romanesc, 1984, 206p</subfield></datafield><datafield ind1=" " ind2=" " tag="852"><subfield code="a">71958</subfield></datafield></record></collection>